%YAML 1.1
%TAG !u! tag:unity3d.com,2011:
--- !u!1 &4361800538206484847
GameObject:
  m_ObjectHideFlags: 0
  m_CorrespondingSourceObject: {fileID: 0}
  m_PrefabInstance: {fileID: 0}
  m_PrefabAsset: {fileID: 0}
  serializedVersion: 6
  m_Component:
  - component: {fileID: 2326789341942320648}
  - component: {fileID: 6630912374550842754}
  - component: {fileID: 6824532778279701239}
  - component: {fileID: 1815423204795874910}
  - component: {fileID: 1446853998591561226}
  m_Layer: 0
  m_Name: effect
  m_TagString: Untagged
  m_Icon: {fileID: 0}
  m_NavMeshLayer: 0
  m_StaticEditorFlags: 0
  m_IsActive: 1
--- !u!4 &2326789341942320648
Transform:
  m_ObjectHideFlags: 0
  m_CorrespondingSourceObject: {fileID: 0}
  m_PrefabInstance: {fileID: 0}
  m_PrefabAsset: {fileID: 0}
  m_GameObject: {fileID: 4361800538206484847}
  m_LocalRotation: {x: 0, y: 0, z: 0, w: 1}
  m_LocalPosition: {x: 0, y: 0, z: 0}
  m_LocalScale: {x: 12, y: 12, z: 12}
  m_Children: []
  m_Father: {fileID: 4672691834805369802}
  m_RootOrder: 1
  m_LocalEulerAnglesHint: {x: 0, y: 0, z: 0}
--- !u!33 &6630912374550842754
MeshFilter:
  m_ObjectHideFlags: 0
  m_CorrespondingSourceObject: {fileID: 0}
  m_PrefabInstance: {fileID: 0}
  m_PrefabAsset: {fileID: 0}
  m_GameObject: {fileID: 4361800538206484847}
  m_Mesh: {fileID: 10207, guid: 0000000000000000e000000000000000, type: 0}
--- !u!23 &6824532778279701239
MeshRenderer:
  m_ObjectHideFlags: 0
  m_CorrespondingSourceObject: {fileID: 0}
  m_PrefabInstance: {fileID: 0}
  m_PrefabAsset: {fileID: 0}
  m_GameObject: {fileID: 4361800538206484847}
  m_Enabled: 1
  m_CastShadows: 1
  m_ReceiveShadows: 1
  m_DynamicOccludee: 1
  m_MotionVectors: 1
  m_LightProbeUsage: 1
  m_ReflectionProbeUsage: 1
  m_RayTracingMode: 2
  m_RayTraceProcedural: 0
  m_RenderingLayerMask: 1
  m_RendererPriority: 0
  m_Materials:
  - {fileID: 2100000, guid: cd1da34a8107a434eb7a234b2f70893b, type: 2}
  m_StaticBatchInfo:
    firstSubMesh: 0
    subMeshCount: 0
  m_StaticBatchRoot: {fileID: 0}
  m_ProbeAnchor: {fileID: 0}
  m_LightProbeVolumeOverride: {fileID: 0}
  m_ScaleInLightmap: 1
  m_ReceiveGI: 1
  m_PreserveUVs: 0
  m_IgnoreNormalsForChartDetection: 0
  m_ImportantGI: 0
  m_StitchLightmapSeams: 1
  m_SelectedEditorRenderState: 3
  m_MinimumChartSize: 4
  m_AutoUVMaxDistance: 0.5
  m_AutoUVMaxAngle: 89
  m_LightmapParameters: {fileID: 0}
  m_SortingLayerID: 0
  m_SortingLayer: 0
  m_SortingOrder: 0
  m_AdditionalVertexStreams: {fileID: 0}
--- !u!114 &1815423204795874910
MonoBehaviour:
  m_ObjectHideFlags: 0
  m_CorrespondingSourceObject: {fileID: 0}
  m_PrefabInstance: {fileID: 0}
  m_PrefabAsset: {fileID: 0}
  m_GameObject: {fileID: 4361800538206484847}
  m_Enabled: 1
  m_EditorHideFlags: 0
  m_Script: {fileID: 11500000, guid: 300b2d6338faf91428587b72cf5fa510, type: 3}
  m_Name: 
  m_EditorClassIdentifier: 
  lifeTime: 2
--- !u!114 &1446853998591561226
MonoBehaviour:
  m_ObjectHideFlags: 0
  m_CorrespondingSourceObject: {fileID: 0}
  m_PrefabInstance: {fileID: 0}
  m_PrefabAsset: {fileID: 0}
  m_GameObject: {fileID: 4361800538206484847}
  m_Enabled: 1
  m_EditorHideFlags: 0
  m_Script: {fileID: 11500000, guid: 8aa665777a9164c43ae93c2dcf7bb0e9, type: 3}
  m_Name: 
  m_EditorClassIdentifier: 
  explosionColours:
  - {r: 1, g: 0, b: 0, a: 1}
  - {r: 1, g: 0.96559095, b: 0, a: 1}
  - {r: 1, g: 1, b: 1, a: 1}
  colCycle: 2
  cycleTime: 0.05
  expandRate: 2
  colCycleIndex: 0
  explosionAlpha: 0.3
--- !u!1 &8789414104171195011
GameObject:
  m_ObjectHideFlags: 0
  m_CorrespondingSourceObject: {fileID: 0}
  m_PrefabInstance: {fileID: 0}
  m_PrefabAsset: {fileID: 0}
  serializedVersion: 6
  m_Component:
  - component: {fileID: 4672691834805369802}
  - component: {fileID: 6164547963117231414}
  - component: {fileID: 1426480596285339219}
  - component: {fileID: 2591638601742570861}
  - component: {fileID: 8210383842717142793}
  - component: {fileID: 7707389827008790352}
  - component: {fileID: -3016129827957052158}
  m_Layer: 0
  m_Name: explosion
  m_TagString: Untagged
  m_Icon: {fileID: 0}
  m_NavMeshLayer: 0
  m_StaticEditorFlags: 0
  m_IsActive: 1
--- !u!4 &4672691834805369802
Transform:
  m_ObjectHideFlags: 0
  m_CorrespondingSourceObject: {fileID: 0}
  m_PrefabInstance: {fileID: 0}
  m_PrefabAsset: {fileID: 0}
  m_GameObject: {fileID: 8789414104171195011}
  m_LocalRotation: {x: 0, y: 0, z: 0, w: 1}
  m_LocalPosition: {x: 0, y: 0, z: 0}
  m_LocalScale: {x: 1, y: 1, z: 1}
  m_Children:
  - {fileID: 6059141470678568386}
  - {fileID: 2326789341942320648}
  m_Father: {fileID: 0}
  m_RootOrder: 0
  m_LocalEulerAnglesHint: {x: 0, y: 0, z: 0}
--- !u!114 &6164547963117231414
MonoBehaviour:
  m_ObjectHideFlags: 0
  m_CorrespondingSourceObject: {fileID: 0}
  m_PrefabInstance: {fileID: 0}
  m_PrefabAsset: {fileID: 0}
  m_GameObject: {fileID: 8789414104171195011}
  m_Enabled: 1
  m_EditorHideFlags: 0
  m_Script: {fileID: 11500000, guid: f8c9234fbd25b2f43a88291ab5478902, type: 3}
  m_Name: 
  m_EditorClassIdentifier: 
  callEnum: 1
  damage: 300
  timeStop: 0
  timeStopSpeed: 0
  timeStopLength: 0
  playHitSound: 0
  preventDoubleHits: 1
--- !u!135 &1426480596285339219
SphereCollider:
  m_ObjectHideFlags: 0
  m_CorrespondingSourceObject: {fileID: 0}
  m_PrefabInstance: {fileID: 0}
  m_PrefabAsset: {fileID: 0}
  m_GameObject: {fileID: 8789414104171195011}
  m_Material: {fileID: 0}
  m_IsTrigger: 1
  m_Enabled: 1
  serializedVersion: 2
  m_Radius: 6
  m_Center: {x: 0, y: 0, z: 0}
--- !u!114 &2591638601742570861
MonoBehaviour:
  m_ObjectHideFlags: 0
  m_CorrespondingSourceObject: {fileID: 0}
  m_PrefabInstance: {fileID: 0}
  m_PrefabAsset: {fileID: 0}
  m_GameObject: {fileID: 8789414104171195011}
  m_Enabled: 1
  m_EditorHideFlags: 0
  m_Script: {fileID: 11500000, guid: 300b2d6338faf91428587b72cf5fa510, type: 3}
  m_Name: 
  m_EditorClassIdentifier: 
  lifeTime: 1
--- !u!114 &8210383842717142793
MonoBehaviour:
  m_ObjectHideFlags: 0
  m_CorrespondingSourceObject: {fileID: 0}
  m_PrefabInstance: {fileID: 0}
  m_PrefabAsset: {fileID: 0}
  m_GameObject: {fileID: 8789414104171195011}
  m_Enabled: 1
  m_EditorHideFlags: 0
  m_Script: {fileID: 11500000, guid: 8a47b6fe67587534baa00ed3aee1b902, type: 3}
  m_Name: 
  m_EditorClassIdentifier: 
--- !u!114 &7707389827008790352
MonoBehaviour:
  m_ObjectHideFlags: 0
  m_CorrespondingSourceObject: {fileID: 0}
  m_PrefabInstance: {fileID: 0}
  m_PrefabAsset: {fileID: 0}
  m_GameObject: {fileID: 8789414104171195011}
  m_Enabled: 1
  m_EditorHideFlags: 0
  m_Script: {fileID: 11500000, guid: cf2eb3efac12c36418a9b1a588a14d16, type: 3}
  m_Name: 
  m_EditorClassIdentifier: 
  myChildren: []
--- !u!114 &-3016129827957052158
MonoBehaviour:
  m_ObjectHideFlags: 0
  m_CorrespondingSourceObject: {fileID: 0}
  m_PrefabInstance: {fileID: 0}
  m_PrefabAsset: {fileID: 0}
  m_GameObject: {fileID: 8789414104171195011}
  m_Enabled: 1
  m_EditorHideFlags: 0
  m_Script: {fileID: 11500000, guid: 9071fb9a5652bee42a80f9a3eddf4456, type: 3}
  m_Name: 
  m_EditorClassIdentifier: 
  destroyRadius: 6
--- !u!1001 &6883862315075461901
PrefabInstance:
  m_ObjectHideFlags: 0
  serializedVersion: 2
  m_Modification:
    m_TransformParent: {fileID: 4672691834805369802}
    m_Modifications:
    - target: {fileID: 837108080744804047, guid: af6b09d7531dc134d8b594d5eec48eae, type: 3}
      propertyPath: m_LocalPosition.x
      value: 0
      objectReference: {fileID: 0}
    - target: {fileID: 837108080744804047, guid: af6b09d7531dc134d8b594d5eec48eae, type: 3}
      propertyPath: m_LocalPosition.y
      value: 0
      objectReference: {fileID: 0}
    - target: {fileID: 837108080744804047, guid: af6b09d7531dc134d8b594d5eec48eae, type: 3}
      propertyPath: m_LocalPosition.z
      value: 0
      objectReference: {fileID: 0}
    - target: {fileID: 837108080744804047, guid: af6b09d7531dc134d8b594d5eec48eae, type: 3}
      propertyPath: m_LocalRotation.x
      value: 0
      objectReference: {fileID: 0}
    - target: {fileID: 837108080744804047, guid: af6b09d7531dc134d8b594d5eec48eae, type: 3}
      propertyPath: m_LocalRotation.y
      value: 0
      objectReference: {fileID: 0}
    - target: {fileID: 837108080744804047, guid: af6b09d7531dc134d8b594d5eec48eae, type: 3}
      propertyPath: m_LocalRotation.z
      value: 0
      objectReference: {fileID: 0}
    - target: {fileID: 837108080744804047, guid: af6b09d7531dc134d8b594d5eec48eae, type: 3}
      propertyPath: m_LocalRotation.w
      value: 1
      objectReference: {fileID: 0}
    - target: {fileID: 837108080744804047, guid: af6b09d7531dc134d8b594d5eec48eae, type: 3}
      propertyPath: m_RootOrder
      value: 0
      objectReference: {fileID: 0}
    - target: {fileID: 837108080744804047, guid: af6b09d7531dc134d8b594d5eec48eae, type: 3}
      propertyPath: m_LocalEulerAnglesHint.x
      value: 0
      objectReference: {fileID: 0}
    - target: {fileID: 837108080744804047, guid: af6b09d7531dc134d8b594d5eec48eae, type: 3}
      propertyPath: m_LocalEulerAnglesHint.y
      value: 0
      objectReference: {fileID: 0}
    - target: {fileID: 837108080744804047, guid: af6b09d7531dc134d8b594d5eec48eae, type: 3}
      propertyPath: m_LocalEulerAnglesHint.z
      value: 0
      objectReference: {fileID: 0}
    - target: {fileID: 2953954144138912990, guid: af6b09d7531dc134d8b594d5eec48eae, type: 3}
      propertyPath: spatialRadius
      value: 60
      objectReference: {fileID: 0}
    - target: {fileID: 7574986598252117834, guid: af6b09d7531dc134d8b594d5eec48eae, type: 3}
      propertyPath: m_Name
      value: sE_lobExplode
      objectReference: {fileID: 0}
    m_RemovedComponents: []
  m_SourcePrefab: {fileID: 100100000, guid: af6b09d7531dc134d8b594d5eec48eae, type: 3}
--- !u!4 &6059141470678568386 stripped
Transform:
  m_CorrespondingSourceObject: {fileID: 837108080744804047, guid: af6b09d7531dc134d8b594d5eec48eae, type: 3}
  m_PrefabInstance: {fileID: 6883862315075461901}
  m_PrefabAsset: {fileID: 0}
