%YAML 1.1
%TAG !u! tag:unity3d.com,2011:
--- !u!1 &16844003353322980
GameObject:
  m_ObjectHideFlags: 0
  m_CorrespondingSourceObject: {fileID: 0}
  m_PrefabInstance: {fileID: 0}
  m_PrefabAsset: {fileID: 0}
  serializedVersion: 6
  m_Component:
  - component: {fileID: 824166586209812318}
  - component: {fileID: 6039086062704385694}
  - component: {fileID: 7923059099378780589}
  - component: {fileID: 7955023598401400742}
  - component: {fileID: 447942998}
  m_Layer: 8
  m_Name: coin
  m_TagString: Untagged
  m_Icon: {fileID: 0}
  m_NavMeshLayer: 0
  m_StaticEditorFlags: 0
  m_IsActive: 1
--- !u!4 &824166586209812318
Transform:
  m_ObjectHideFlags: 0
  m_CorrespondingSourceObject: {fileID: 0}
  m_PrefabInstance: {fileID: 0}
  m_PrefabAsset: {fileID: 0}
  m_GameObject: {fileID: 16844003353322980}
  m_LocalRotation: {x: 0, y: 0, z: 0, w: 1}
  m_LocalPosition: {x: 65.71589, y: -1.7600002, z: -114.323814}
  m_LocalScale: {x: 0.31866, y: 0.31866, z: 0.31866}
  m_Children:
  - {fileID: 6820373236101367534}
  m_Father: {fileID: 0}
  m_RootOrder: 0
  m_LocalEulerAnglesHint: {x: 0, y: 0, z: 0}
--- !u!114 &6039086062704385694
MonoBehaviour:
  m_ObjectHideFlags: 0
  m_CorrespondingSourceObject: {fileID: 0}
  m_PrefabInstance: {fileID: 0}
  m_PrefabAsset: {fileID: 0}
  m_GameObject: {fileID: 16844003353322980}
  m_Enabled: 1
  m_EditorHideFlags: 0
  m_Script: {fileID: 11500000, guid: 644f4616a1deaf648907ac41cbfd96bf, type: 3}
  m_Name: 
  m_EditorClassIdentifier: 
  spinVals: {x: 0, y: 300, z: 0}
--- !u!114 &7923059099378780589
MonoBehaviour:
  m_ObjectHideFlags: 0
  m_CorrespondingSourceObject: {fileID: 0}
  m_PrefabInstance: {fileID: 0}
  m_PrefabAsset: {fileID: 0}
  m_GameObject: {fileID: 16844003353322980}
  m_Enabled: 1
  m_EditorHideFlags: 0
  m_Script: {fileID: 11500000, guid: e64216d3cdc4e734f8fcf1ee39c3ac15, type: 3}
  m_Name: 
  m_EditorClassIdentifier: 
  sineUpdateEnum: 0
  sineEnum_X: 0
  sineEnum_Y: 0
  sineEnum_Z: 0
  sineStrength: {x: 0, y: 0.1, z: 0}
  sineRate: {x: 0, y: 6, z: 0}
  timeOffset: 1739
--- !u!135 &7955023598401400742
SphereCollider:
  m_ObjectHideFlags: 0
  m_CorrespondingSourceObject: {fileID: 0}
  m_PrefabInstance: {fileID: 0}
  m_PrefabAsset: {fileID: 0}
  m_GameObject: {fileID: 16844003353322980}
  m_Material: {fileID: 0}
  m_IsTrigger: 1
  m_Enabled: 1
  serializedVersion: 2
  m_Radius: 1.71
  m_Center: {x: 0, y: 0, z: 0}
--- !u!114 &447942998
MonoBehaviour:
  m_ObjectHideFlags: 0
  m_CorrespondingSourceObject: {fileID: 0}
  m_PrefabInstance: {fileID: 0}
  m_PrefabAsset: {fileID: 0}
  m_GameObject: {fileID: 16844003353322980}
  m_Enabled: 1
  m_EditorHideFlags: 0
  m_Script: {fileID: 11500000, guid: 6c8619236f0de0d4887de20a030bf602, type: 3}
  m_Name: 
  m_EditorClassIdentifier: 
  dropShadow_enabled: 1
  dropShadow_radius: 0.2
  coinCols:
  - {r: 1, g: 0, b: 0, a: 0}
  - {r: 1, g: 0.7070736, b: 0, a: 0}
  - {r: 0.9810126, g: 1, b: 0, a: 0}
  - {r: 0, g: 1, b: 0.09885955, a: 0}
  - {r: 0, g: 1, b: 0.98099947, a: 0}
  - {r: 0, g: 0.16816235, b: 1, a: 0}
  - {r: 0.67817116, g: 0, b: 1, a: 0}
  rend: {fileID: 1225393254523493333}
  postCollectionLifetime: 1
--- !u!1 &843230189555172405
GameObject:
  m_ObjectHideFlags: 0
  m_CorrespondingSourceObject: {fileID: 0}
  m_PrefabInstance: {fileID: 0}
  m_PrefabAsset: {fileID: 0}
  serializedVersion: 6
  m_Component:
  - component: {fileID: 6820373236101367534}
  - component: {fileID: 3487790367125796278}
  - component: {fileID: 1225393254523493333}
  m_Layer: 8
  m_Name: Coin
  m_TagString: Untagged
  m_Icon: {fileID: 0}
  m_NavMeshLayer: 0
  m_StaticEditorFlags: 0
  m_IsActive: 1
--- !u!4 &6820373236101367534
Transform:
  m_ObjectHideFlags: 0
  m_CorrespondingSourceObject: {fileID: 0}
  m_PrefabInstance: {fileID: 0}
  m_PrefabAsset: {fileID: 0}
  m_GameObject: {fileID: 843230189555172405}
  m_LocalRotation: {x: -0.7071068, y: 0, z: -0, w: 0.7071067}
  m_LocalPosition: {x: -0, y: 0, z: 0}
  m_LocalScale: {x: 100, y: 100, z: 100}
  m_Children: []
  m_Father: {fileID: 824166586209812318}
  m_RootOrder: 0
  m_LocalEulerAnglesHint: {x: 0, y: 0, z: 0}
--- !u!33 &3487790367125796278
MeshFilter:
  m_ObjectHideFlags: 0
  m_CorrespondingSourceObject: {fileID: 0}
  m_PrefabInstance: {fileID: 0}
  m_PrefabAsset: {fileID: 0}
  m_GameObject: {fileID: 843230189555172405}
  m_Mesh: {fileID: -5216581434543980006, guid: 72133254406726d4e841e0054b940141, type: 3}
--- !u!23 &1225393254523493333
MeshRenderer:
  m_ObjectHideFlags: 0
  m_CorrespondingSourceObject: {fileID: 0}
  m_PrefabInstance: {fileID: 0}
  m_PrefabAsset: {fileID: 0}
  m_GameObject: {fileID: 843230189555172405}
  m_Enabled: 1
  m_CastShadows: 1
  m_ReceiveShadows: 1
  m_DynamicOccludee: 1
  m_MotionVectors: 1
  m_LightProbeUsage: 1
  m_ReflectionProbeUsage: 1
  m_RayTracingMode: 2
  m_RayTraceProcedural: 0
  m_RenderingLayerMask: 1
  m_RendererPriority: 0
  m_Materials:
  - {fileID: 2100000, guid: 5705ab67270aa1f42a59cd4ba14b0662, type: 2}
  m_StaticBatchInfo:
    firstSubMesh: 0
    subMeshCount: 0
  m_StaticBatchRoot: {fileID: 0}
  m_ProbeAnchor: {fileID: 0}
  m_LightProbeVolumeOverride: {fileID: 0}
  m_ScaleInLightmap: 1
  m_ReceiveGI: 1
  m_PreserveUVs: 0
  m_IgnoreNormalsForChartDetection: 0
  m_ImportantGI: 0
  m_StitchLightmapSeams: 1
  m_SelectedEditorRenderState: 3
  m_MinimumChartSize: 4
  m_AutoUVMaxDistance: 0.5
  m_AutoUVMaxAngle: 89
  m_LightmapParameters: {fileID: 0}
  m_SortingLayerID: 0
  m_SortingLayer: 0
  m_SortingOrder: 0
  m_AdditionalVertexStreams: {fileID: 0}
