%YAML 1.1
%TAG !u! tag:unity3d.com,2011:
--- !u!1 &1124235520766446500
GameObject:
  m_ObjectHideFlags: 0
  m_CorrespondingSourceObject: {fileID: 0}
  m_PrefabInstance: {fileID: 0}
  m_PrefabAsset: {fileID: 0}
  serializedVersion: 6
  m_Component:
  - component: {fileID: 1124235520766446501}
  - component: {fileID: 1124235520766446522}
  - component: {fileID: 4497479193387297498}
  m_Layer: 0
  m_Name: dropShadow
  m_TagString: Untagged
  m_Icon: {fileID: 0}
  m_NavMeshLayer: 0
  m_StaticEditorFlags: 0
  m_IsActive: 1
--- !u!4 &1124235520766446501
Transform:
  m_ObjectHideFlags: 0
  m_CorrespondingSourceObject: {fileID: 0}
  m_PrefabInstance: {fileID: 0}
  m_PrefabAsset: {fileID: 0}
  m_GameObject: {fileID: 1124235520766446500}
  m_LocalRotation: {x: 0.7071068, y: 0, z: 0, w: 0.7071068}
  m_LocalPosition: {x: 0, y: -1.277, z: 0}
  m_LocalScale: {x: 1, y: 1, z: 1}
  m_Children:
  - {fileID: 489759060526208139}
  m_Father: {fileID: 0}
  m_RootOrder: 0
  m_LocalEulerAnglesHint: {x: 90, y: 0, z: 0}
--- !u!119 &1124235520766446522
Projector:
  m_ObjectHideFlags: 0
  m_CorrespondingSourceObject: {fileID: 0}
  m_PrefabInstance: {fileID: 0}
  m_PrefabAsset: {fileID: 0}
  m_GameObject: {fileID: 1124235520766446500}
  m_Enabled: 1
  serializedVersion: 2
  m_NearClipPlane: 0.01
  m_FarClipPlane: 100
  m_FieldOfView: 60
  m_AspectRatio: 1
  m_Orthographic: 1
  m_OrthographicSize: 0.4
  m_Material: {fileID: 2100000, guid: c8c80c5b03f5c7e40b07eb2170e667e5, type: 2}
  m_IgnoreLayers:
    serializedVersion: 2
    m_Bits: 311
--- !u!114 &4497479193387297498
MonoBehaviour:
  m_ObjectHideFlags: 0
  m_CorrespondingSourceObject: {fileID: 0}
  m_PrefabInstance: {fileID: 0}
  m_PrefabAsset: {fileID: 0}
  m_GameObject: {fileID: 1124235520766446500}
  m_Enabled: 1
  m_EditorHideFlags: 0
  m_Script: {fileID: 11500000, guid: a55566bc3c2fd2e438de79050c07797e, type: 3}
  m_Name: 
  m_EditorClassIdentifier: 
  groundRay: {fileID: 5765646186535112739}
  minFarClip: 3
--- !u!1 &2260350769922502918
GameObject:
  m_ObjectHideFlags: 0
  m_CorrespondingSourceObject: {fileID: 0}
  m_PrefabInstance: {fileID: 0}
  m_PrefabAsset: {fileID: 0}
  serializedVersion: 6
  m_Component:
  - component: {fileID: 489759060526208139}
  - component: {fileID: 5765646186535112739}
  m_Layer: 0
  m_Name: groundRay
  m_TagString: Untagged
  m_Icon: {fileID: 0}
  m_NavMeshLayer: 0
  m_StaticEditorFlags: 0
  m_IsActive: 1
--- !u!4 &489759060526208139
Transform:
  m_ObjectHideFlags: 0
  m_CorrespondingSourceObject: {fileID: 0}
  m_PrefabInstance: {fileID: 0}
  m_PrefabAsset: {fileID: 0}
  m_GameObject: {fileID: 2260350769922502918}
  m_LocalRotation: {x: 0, y: 0, z: 0, w: 1}
  m_LocalPosition: {x: 0, y: 0, z: 0}
  m_LocalScale: {x: 1, y: 1, z: 1}
  m_Children: []
  m_Father: {fileID: 1124235520766446501}
  m_RootOrder: 0
  m_LocalEulerAnglesHint: {x: 0, y: 0, z: 0}
--- !u!114 &5765646186535112739
MonoBehaviour:
  m_ObjectHideFlags: 0
  m_CorrespondingSourceObject: {fileID: 0}
  m_PrefabInstance: {fileID: 0}
  m_PrefabAsset: {fileID: 0}
  m_GameObject: {fileID: 2260350769922502918}
  m_Enabled: 1
  m_EditorHideFlags: 0
  m_Script: {fileID: 11500000, guid: 0e058fad866723148aa43d082c7267a5, type: 3}
  m_Name: 
  m_EditorClassIdentifier: 
  updateType_enum: 0
  direction: 1
  rayLength: 10000
  ray_layers:
    serializedVersion: 2
    m_Bits: 512
  ray_active: 0
  ray_surface: {fileID: 0}
  ray_hitPoint: {x: 0, y: 0, z: 0}
  ray_disabled: 0
  customDir_vec: {x: 0, y: 0, z: 0}
  rayCol: {r: 0, g: 0, b: 0, a: 0}
