%YAML 1.1
%TAG !u! tag:unity3d.com,2011:
--- !u!1 &526214307
GameObject:
  m_ObjectHideFlags: 0
  m_CorrespondingSourceObject: {fileID: 0}
  m_PrefabInstance: {fileID: 0}
  m_PrefabAsset: {fileID: 0}
  serializedVersion: 6
  m_Component:
  - component: {fileID: 526214308}
  - component: {fileID: 526214311}
  - component: {fileID: 526214310}
  m_Layer: 10
  m_Name: camStencilSphere
  m_TagString: camStencilSphere
  m_Icon: {fileID: 0}
  m_NavMeshLayer: 0
  m_StaticEditorFlags: 0
  m_IsActive: 1
--- !u!4 &526214308
Transform:
  m_ObjectHideFlags: 0
  m_CorrespondingSourceObject: {fileID: 0}
  m_PrefabInstance: {fileID: 0}
  m_PrefabAsset: {fileID: 0}
  m_GameObject: {fileID: 526214307}
  m_LocalRotation: {x: 0, y: 0, z: 0, w: 1}
  m_LocalPosition: {x: 0, y: 0.000000014902, z: 0}
  m_LocalScale: {x: 5.9349, y: 5.9349, z: 5.9349}
  m_Children: []
  m_Father: {fileID: 392547563243792456}
  m_RootOrder: 4
  m_LocalEulerAnglesHint: {x: 0, y: 0, z: 0}
--- !u!33 &526214311
MeshFilter:
  m_ObjectHideFlags: 0
  m_CorrespondingSourceObject: {fileID: 0}
  m_PrefabInstance: {fileID: 0}
  m_PrefabAsset: {fileID: 0}
  m_GameObject: {fileID: 526214307}
  m_Mesh: {fileID: 10207, guid: 0000000000000000e000000000000000, type: 0}
--- !u!23 &526214310
MeshRenderer:
  m_ObjectHideFlags: 0
  m_CorrespondingSourceObject: {fileID: 0}
  m_PrefabInstance: {fileID: 0}
  m_PrefabAsset: {fileID: 0}
  m_GameObject: {fileID: 526214307}
  m_Enabled: 1
  m_CastShadows: 1
  m_ReceiveShadows: 1
  m_DynamicOccludee: 1
  m_MotionVectors: 1
  m_LightProbeUsage: 1
  m_ReflectionProbeUsage: 1
  m_RayTracingMode: 2
  m_RayTraceProcedural: 0
  m_RenderingLayerMask: 1
  m_RendererPriority: 0
  m_Materials:
  - {fileID: 2100000, guid: a27dfad955d18d94f9e669543729c99e, type: 2}
  m_StaticBatchInfo:
    firstSubMesh: 0
    subMeshCount: 0
  m_StaticBatchRoot: {fileID: 0}
  m_ProbeAnchor: {fileID: 0}
  m_LightProbeVolumeOverride: {fileID: 0}
  m_ScaleInLightmap: 1
  m_ReceiveGI: 1
  m_PreserveUVs: 0
  m_IgnoreNormalsForChartDetection: 0
  m_ImportantGI: 0
  m_StitchLightmapSeams: 1
  m_SelectedEditorRenderState: 3
  m_MinimumChartSize: 4
  m_AutoUVMaxDistance: 0.5
  m_AutoUVMaxAngle: 89
  m_LightmapParameters: {fileID: 0}
  m_SortingLayerID: 0
  m_SortingLayer: 0
  m_SortingOrder: 0
  m_AdditionalVertexStreams: {fileID: 0}
--- !u!1 &392547561947275663
GameObject:
  m_ObjectHideFlags: 0
  m_CorrespondingSourceObject: {fileID: 0}
  m_PrefabInstance: {fileID: 0}
  m_PrefabAsset: {fileID: 0}
  serializedVersion: 6
  m_Component:
  - component: {fileID: 392547561947275665}
  m_Layer: 10
  m_Name: groundRays
  m_TagString: Untagged
  m_Icon: {fileID: 0}
  m_NavMeshLayer: 0
  m_StaticEditorFlags: 0
  m_IsActive: 1
--- !u!4 &392547561947275665
Transform:
  m_ObjectHideFlags: 0
  m_CorrespondingSourceObject: {fileID: 0}
  m_PrefabInstance: {fileID: 0}
  m_PrefabAsset: {fileID: 0}
  m_GameObject: {fileID: 392547561947275663}
  m_LocalRotation: {x: 0, y: 0, z: 0, w: 1}
  m_LocalPosition: {x: 0, y: 0, z: 0}
  m_LocalScale: {x: 1, y: 1, z: 1}
  m_Children:
  - {fileID: 392547562746406522}
  - {fileID: 392547562278844054}
  - {fileID: 392547563181984119}
  - {fileID: 392547561977276262}
  - {fileID: 392547563955863624}
  m_Father: {fileID: 392547563243792456}
  m_RootOrder: 0
  m_LocalEulerAnglesHint: {x: 0, y: 0, z: 0}
--- !u!1 &392547561977276263
GameObject:
  m_ObjectHideFlags: 0
  m_CorrespondingSourceObject: {fileID: 0}
  m_PrefabInstance: {fileID: 0}
  m_PrefabAsset: {fileID: 0}
  serializedVersion: 6
  m_Component:
  - component: {fileID: 392547561977276262}
  - component: {fileID: 2189844530244030143}
  m_Layer: 10
  m_Name: groundRay_BL
  m_TagString: Untagged
  m_Icon: {fileID: 0}
  m_NavMeshLayer: 0
  m_StaticEditorFlags: 0
  m_IsActive: 1
--- !u!4 &392547561977276262
Transform:
  m_ObjectHideFlags: 0
  m_CorrespondingSourceObject: {fileID: 0}
  m_PrefabInstance: {fileID: 0}
  m_PrefabAsset: {fileID: 0}
  m_GameObject: {fileID: 392547561977276263}
  m_LocalRotation: {x: -0, y: -0, z: -0, w: 1}
  m_LocalPosition: {x: -0.3, y: 0, z: -0.3}
  m_LocalScale: {x: 1, y: 1, z: 1}
  m_Children: []
  m_Father: {fileID: 392547561947275665}
  m_RootOrder: 3
  m_LocalEulerAnglesHint: {x: 0, y: 0, z: 0}
--- !u!114 &2189844530244030143
MonoBehaviour:
  m_ObjectHideFlags: 0
  m_CorrespondingSourceObject: {fileID: 0}
  m_PrefabInstance: {fileID: 0}
  m_PrefabAsset: {fileID: 0}
  m_GameObject: {fileID: 392547561977276263}
  m_Enabled: 1
  m_EditorHideFlags: 0
  m_Script: {fileID: 11500000, guid: 0e058fad866723148aa43d082c7267a5, type: 3}
  m_Name: 
  m_EditorClassIdentifier: 
  updateType_enum: 0
  direction: 1
  rayLength: 1.3
  raycastAll: 0
  detectTriggers: 0
  ray_layers:
    serializedVersion: 2
    m_Bits: 512
  ray_surface: {fileID: 0}
  ray_hitPoint: {x: 0, y: 0, z: 0}
  customDir_vec: {x: 0, y: 0, z: 0}
  rayCol: {r: 0, g: 1, b: 0.04619026, a: 1}
--- !u!1 &392547562278844055
GameObject:
  m_ObjectHideFlags: 0
  m_CorrespondingSourceObject: {fileID: 0}
  m_PrefabInstance: {fileID: 0}
  m_PrefabAsset: {fileID: 0}
  serializedVersion: 6
  m_Component:
  - component: {fileID: 392547562278844054}
  - component: {fileID: 3942263252350889586}
  m_Layer: 10
  m_Name: groundRay_TL
  m_TagString: Untagged
  m_Icon: {fileID: 0}
  m_NavMeshLayer: 0
  m_StaticEditorFlags: 0
  m_IsActive: 1
--- !u!4 &392547562278844054
Transform:
  m_ObjectHideFlags: 0
  m_CorrespondingSourceObject: {fileID: 0}
  m_PrefabInstance: {fileID: 0}
  m_PrefabAsset: {fileID: 0}
  m_GameObject: {fileID: 392547562278844055}
  m_LocalRotation: {x: -0, y: -0, z: -0, w: 1}
  m_LocalPosition: {x: -0.3, y: 0, z: 0.3}
  m_LocalScale: {x: 1, y: 1, z: 1}
  m_Children: []
  m_Father: {fileID: 392547561947275665}
  m_RootOrder: 1
  m_LocalEulerAnglesHint: {x: 0, y: 0, z: 0}
--- !u!114 &3942263252350889586
MonoBehaviour:
  m_ObjectHideFlags: 0
  m_CorrespondingSourceObject: {fileID: 0}
  m_PrefabInstance: {fileID: 0}
  m_PrefabAsset: {fileID: 0}
  m_GameObject: {fileID: 392547562278844055}
  m_Enabled: 1
  m_EditorHideFlags: 0
  m_Script: {fileID: 11500000, guid: 0e058fad866723148aa43d082c7267a5, type: 3}
  m_Name: 
  m_EditorClassIdentifier: 
  updateType_enum: 0
  direction: 1
  rayLength: 1.3
  raycastAll: 0
  detectTriggers: 0
  ray_layers:
    serializedVersion: 2
    m_Bits: 512
  ray_surface: {fileID: 0}
  ray_hitPoint: {x: 0, y: 0, z: 0}
  customDir_vec: {x: 0, y: 0, z: 0}
  rayCol: {r: 0, g: 1, b: 0.04619026, a: 1}
--- !u!1 &392547562746406523
GameObject:
  m_ObjectHideFlags: 0
  m_CorrespondingSourceObject: {fileID: 0}
  m_PrefabInstance: {fileID: 0}
  m_PrefabAsset: {fileID: 0}
  serializedVersion: 6
  m_Component:
  - component: {fileID: 392547562746406522}
  - component: {fileID: 2328328054595022373}
  m_Layer: 10
  m_Name: groundRay_center
  m_TagString: Untagged
  m_Icon: {fileID: 0}
  m_NavMeshLayer: 0
  m_StaticEditorFlags: 0
  m_IsActive: 1
--- !u!4 &392547562746406522
Transform:
  m_ObjectHideFlags: 0
  m_CorrespondingSourceObject: {fileID: 0}
  m_PrefabInstance: {fileID: 0}
  m_PrefabAsset: {fileID: 0}
  m_GameObject: {fileID: 392547562746406523}
  m_LocalRotation: {x: -0, y: -0, z: -0, w: 1}
  m_LocalPosition: {x: 0, y: 0, z: 0}
  m_LocalScale: {x: 1, y: 1, z: 1}
  m_Children: []
  m_Father: {fileID: 392547561947275665}
  m_RootOrder: 0
  m_LocalEulerAnglesHint: {x: 0, y: 0, z: 0}
--- !u!114 &2328328054595022373
MonoBehaviour:
  m_ObjectHideFlags: 0
  m_CorrespondingSourceObject: {fileID: 0}
  m_PrefabInstance: {fileID: 0}
  m_PrefabAsset: {fileID: 0}
  m_GameObject: {fileID: 392547562746406523}
  m_Enabled: 1
  m_EditorHideFlags: 0
  m_Script: {fileID: 11500000, guid: 0e058fad866723148aa43d082c7267a5, type: 3}
  m_Name: 
  m_EditorClassIdentifier: 
  updateType_enum: 0
  direction: 1
  rayLength: 1.3
  raycastAll: 0
  detectTriggers: 0
  ray_layers:
    serializedVersion: 2
    m_Bits: 512
  ray_surface: {fileID: 0}
  ray_hitPoint: {x: 0, y: 0, z: 0}
  customDir_vec: {x: 0, y: 0, z: 0}
  rayCol: {r: 0, g: 1, b: 0.04619026, a: 1}
--- !u!1 &392547563181984116
GameObject:
  m_ObjectHideFlags: 0
  m_CorrespondingSourceObject: {fileID: 0}
  m_PrefabInstance: {fileID: 0}
  m_PrefabAsset: {fileID: 0}
  serializedVersion: 6
  m_Component:
  - component: {fileID: 392547563181984119}
  - component: {fileID: 2338463599452840236}
  m_Layer: 10
  m_Name: groundRay_TR
  m_TagString: Untagged
  m_Icon: {fileID: 0}
  m_NavMeshLayer: 0
  m_StaticEditorFlags: 0
  m_IsActive: 1
--- !u!4 &392547563181984119
Transform:
  m_ObjectHideFlags: 0
  m_CorrespondingSourceObject: {fileID: 0}
  m_PrefabInstance: {fileID: 0}
  m_PrefabAsset: {fileID: 0}
  m_GameObject: {fileID: 392547563181984116}
  m_LocalRotation: {x: -0, y: -0, z: -0, w: 1}
  m_LocalPosition: {x: 0.3, y: 0, z: 0.3}
  m_LocalScale: {x: 1, y: 1, z: 1}
  m_Children: []
  m_Father: {fileID: 392547561947275665}
  m_RootOrder: 2
  m_LocalEulerAnglesHint: {x: 0, y: 0, z: 0}
--- !u!114 &2338463599452840236
MonoBehaviour:
  m_ObjectHideFlags: 0
  m_CorrespondingSourceObject: {fileID: 0}
  m_PrefabInstance: {fileID: 0}
  m_PrefabAsset: {fileID: 0}
  m_GameObject: {fileID: 392547563181984116}
  m_Enabled: 1
  m_EditorHideFlags: 0
  m_Script: {fileID: 11500000, guid: 0e058fad866723148aa43d082c7267a5, type: 3}
  m_Name: 
  m_EditorClassIdentifier: 
  updateType_enum: 0
  direction: 1
  rayLength: 1.3
  raycastAll: 0
  detectTriggers: 0
  ray_layers:
    serializedVersion: 2
    m_Bits: 512
  ray_surface: {fileID: 0}
  ray_hitPoint: {x: 0, y: 0, z: 0}
  customDir_vec: {x: 0, y: 0, z: 0}
  rayCol: {r: 0, g: 1, b: 0.04619026, a: 1}
--- !u!1 &392547563243792511
GameObject:
  m_ObjectHideFlags: 0
  m_CorrespondingSourceObject: {fileID: 0}
  m_PrefabInstance: {fileID: 0}
  m_PrefabAsset: {fileID: 0}
  serializedVersion: 6
  m_Component:
  - component: {fileID: 392547563243792456}
  - component: {fileID: 392547563243792457}
  - component: {fileID: 392547563243792454}
  - component: {fileID: 392547563243792455}
  - component: {fileID: 392547563243792452}
  - component: {fileID: 392547563243792453}
  - component: {fileID: 392547563243792450}
  - component: {fileID: 392547563243792451}
  - component: {fileID: 392547563243792448}
  - component: {fileID: 392547563243792463}
  - component: {fileID: 392547563243792510}
  - component: {fileID: 392547563243792461}
  - component: {fileID: 392547563243792449}
  - component: {fileID: 392547563243792459}
  - component: {fileID: 392547563243792458}
  - component: {fileID: 392547563243792464}
  - component: {fileID: 392547563243792465}
  - component: {fileID: 392547563243792462}
  - component: {fileID: 392547563243792460}
  - component: {fileID: 7368940980771328523}
  m_Layer: 10
  m_Name: player
  m_TagString: Untagged
  m_Icon: {fileID: 0}
  m_NavMeshLayer: 0
  m_StaticEditorFlags: 0
  m_IsActive: 1
--- !u!4 &392547563243792456
Transform:
  m_ObjectHideFlags: 0
  m_CorrespondingSourceObject: {fileID: 0}
  m_PrefabInstance: {fileID: 0}
  m_PrefabAsset: {fileID: 0}
  m_GameObject: {fileID: 392547563243792511}
  m_LocalRotation: {x: 0, y: 0, z: 0, w: 1}
  m_LocalPosition: {x: 0, y: 0, z: 0}
  m_LocalScale: {x: 1, y: 1, z: 1}
  m_Children:
  - {fileID: 392547561947275665}
  - {fileID: 4918157233282150868}
  - {fileID: 2627837894600819169}
  - {fileID: 6218654725983654138}
  - {fileID: 526214308}
  - {fileID: 3977117471200525783}
  m_Father: {fileID: 0}
  m_RootOrder: 0
  m_LocalEulerAnglesHint: {x: 0, y: 0, z: 0}
--- !u!33 &392547563243792457
MeshFilter:
  m_ObjectHideFlags: 0
  m_CorrespondingSourceObject: {fileID: 0}
  m_PrefabInstance: {fileID: 0}
  m_PrefabAsset: {fileID: 0}
  m_GameObject: {fileID: 392547563243792511}
  m_Mesh: {fileID: 10208, guid: 0000000000000000e000000000000000, type: 0}
--- !u!23 &392547563243792454
MeshRenderer:
  m_ObjectHideFlags: 0
  m_CorrespondingSourceObject: {fileID: 0}
  m_PrefabInstance: {fileID: 0}
  m_PrefabAsset: {fileID: 0}
  m_GameObject: {fileID: 392547563243792511}
  m_Enabled: 0
  m_CastShadows: 1
  m_ReceiveShadows: 1
  m_DynamicOccludee: 1
  m_MotionVectors: 1
  m_LightProbeUsage: 1
  m_ReflectionProbeUsage: 1
  m_RayTracingMode: 2
  m_RayTraceProcedural: 0
  m_RenderingLayerMask: 1
  m_RendererPriority: 0
  m_Materials:
  - {fileID: 2100000, guid: a9c31210507bcf6498b9cbbb57fe805c, type: 2}
  m_StaticBatchInfo:
    firstSubMesh: 0
    subMeshCount: 0
  m_StaticBatchRoot: {fileID: 0}
  m_ProbeAnchor: {fileID: 0}
  m_LightProbeVolumeOverride: {fileID: 0}
  m_ScaleInLightmap: 1
  m_ReceiveGI: 1
  m_PreserveUVs: 0
  m_IgnoreNormalsForChartDetection: 0
  m_ImportantGI: 0
  m_StitchLightmapSeams: 1
  m_SelectedEditorRenderState: 3
  m_MinimumChartSize: 4
  m_AutoUVMaxDistance: 0.5
  m_AutoUVMaxAngle: 89
  m_LightmapParameters: {fileID: 0}
  m_SortingLayerID: 0
  m_SortingLayer: 0
  m_SortingOrder: 0
  m_AdditionalVertexStreams: {fileID: 0}
--- !u!143 &392547563243792455
CharacterController:
  m_ObjectHideFlags: 0
  m_CorrespondingSourceObject: {fileID: 0}
  m_PrefabInstance: {fileID: 0}
  m_PrefabAsset: {fileID: 0}
  m_GameObject: {fileID: 392547563243792511}
  m_Material: {fileID: 0}
  m_IsTrigger: 0
  m_Enabled: 1
  serializedVersion: 2
  m_Height: 1.25
  m_Radius: 0.5
  m_SlopeLimit: 45
  m_StepOffset: 0
  m_SkinWidth: 0.08
  m_MinMoveDistance: 0.001
  m_Center: {x: 0, y: -0.375, z: 0}
--- !u!114 &392547563243792452
MonoBehaviour:
  m_ObjectHideFlags: 0
  m_CorrespondingSourceObject: {fileID: 0}
  m_PrefabInstance: {fileID: 0}
  m_PrefabAsset: {fileID: 0}
  m_GameObject: {fileID: 392547563243792511}
  m_Enabled: 1
  m_EditorHideFlags: 0
  m_Script: {fileID: 11500000, guid: c9153856b9970344bb25622e7e2c1401, type: 3}
  m_Name: 
  m_EditorClassIdentifier: 
  gravityStrength: 1.15
  gravityMaxUp: 2
  gravityMaxDown: 0.5
  gravityCurrent: 0
  groundRayParent: {fileID: 392547561947275663}
  coyoteTime: 0.1
  ceilingRay: {fileID: 3663564626620090252}
--- !u!114 &392547563243792453
MonoBehaviour:
  m_ObjectHideFlags: 0
  m_CorrespondingSourceObject: {fileID: 0}
  m_PrefabInstance: {fileID: 0}
  m_PrefabAsset: {fileID: 0}
  m_GameObject: {fileID: 392547563243792511}
  m_Enabled: 1
  m_EditorHideFlags: 0
  m_Script: {fileID: 11500000, guid: 1cb3d933d4c51cd459e5e61cd0cc689e, type: 3}
  m_Name: 
  m_EditorClassIdentifier: 
  input_enabled: 1
  allInputValues:
  - inputGroup_name: Movement
    inputsInGroup:
    - input_name: LeftRight
      input_alias: 
      input_value: 0
      input_value_raw: 0
      excludeFromDisabledInput: 0
      input_value_lerped: 0
      input_value_lerped_strength: 0
    - input_name: LeftRight_NoSnap
      input_alias: 
      input_value: 0
      input_value_raw: 0
      excludeFromDisabledInput: 0
      input_value_lerped: 0
      input_value_lerped_strength: 2
    - input_name: LeftRight_Controller
      input_alias: 
      input_value: 0
      input_value_raw: 0
      excludeFromDisabledInput: 0
      input_value_lerped: 0
      input_value_lerped_strength: 6
    - input_name: LeftRight_Controller
      input_alias: LeftRight_Controller_NoSnap
      input_value: 0
      input_value_raw: 0
      excludeFromDisabledInput: 0
      input_value_lerped: 0
      input_value_lerped_strength: 1
    - input_name: ForBack
      input_alias: 
      input_value: 0
      input_value_raw: 0
      excludeFromDisabledInput: 0
      input_value_lerped: 0
      input_value_lerped_strength: 0
    - input_name: ForBack_Controller
      input_alias: 
      input_value: 0
      input_value_raw: 0
      excludeFromDisabledInput: 0
      input_value_lerped: 0
      input_value_lerped_strength: 6
    - input_name: ForBack_Controller
      input_alias: ForBack_Controller_NoSnap
      input_value: 0
      input_value_raw: 0
      excludeFromDisabledInput: 0
      input_value_lerped: 0
      input_value_lerped_strength: 1
    - input_name: ForBack_NoSnap
      input_alias: 
      input_value: 0
      input_value_raw: 0
      excludeFromDisabledInput: 0
      input_value_lerped: 0
      input_value_lerped_strength: 2
  - inputGroup_name: Actions
    inputsInGroup:
    - input_name: Jump
      input_alias: 
      input_value: 0
      input_value_raw: 0
      excludeFromDisabledInput: 0
      input_value_lerped: 0
      input_value_lerped_strength: 0
    - input_name: Dash
      input_alias: 
      input_value: 0
      input_value_raw: 0
      excludeFromDisabledInput: 0
      input_value_lerped: 0
      input_value_lerped_strength: 0
    - input_name: Sprayer
      input_alias: 
      input_value: 0
      input_value_raw: 0
      excludeFromDisabledInput: 0
      input_value_lerped: 0
      input_value_lerped_strength: 0
    - input_name: Rifle
      input_alias: 
      input_value: 0
      input_value_raw: 0
      excludeFromDisabledInput: 0
      input_value_lerped: 0
      input_value_lerped_strength: 0
    - input_name: LobCharge
      input_alias: 
      input_value: 0
      input_value_raw: 0
      excludeFromDisabledInput: 0
      input_value_lerped: 0
      input_value_lerped_strength: 0
  - inputGroup_name: DEBUG
    inputsInGroup:
    - input_name: DBG_InstantSave
      input_alias: 
      input_value: 0
      input_value_raw: 0
      excludeFromDisabledInput: 0
      input_value_lerped: 0
      input_value_lerped_strength: 0
    - input_name: DBG_RestartScene
      input_alias: 
      input_value: 0
      input_value_raw: 0
      excludeFromDisabledInput: 0
      input_value_lerped: 0
      input_value_lerped_strength: 0
  - inputGroup_name: WeaponSwitch
    inputsInGroup:
    - input_name: ChangeWeapon
      input_alias: 
      input_value: 0
      input_value_raw: 0
      excludeFromDisabledInput: 0
      input_value_lerped: 0
      input_value_lerped_strength: 0
  - inputGroup_name: Camera
    inputsInGroup:
    - input_name: CamTurn
      input_alias: 
      input_value: 0
      input_value_raw: 0
      excludeFromDisabledInput: 0
      input_value_lerped: 0
      input_value_lerped_strength: 0
    - input_name: LockOn
      input_alias: 
      input_value: 0
      input_value_raw: 0
      excludeFromDisabledInput: 0
      input_value_lerped: 0
      input_value_lerped_strength: 0
    - input_name: CamTurn_Controller
      input_alias: 
      input_value: 0
      input_value_raw: 0
      excludeFromDisabledInput: 0
      input_value_lerped: 0
      input_value_lerped_strength: 0
--- !u!114 &392547563243792450
MonoBehaviour:
  m_ObjectHideFlags: 0
  m_CorrespondingSourceObject: {fileID: 0}
  m_PrefabInstance: {fileID: 0}
  m_PrefabAsset: {fileID: 0}
  m_GameObject: {fileID: 392547563243792511}
  m_Enabled: 1
  m_EditorHideFlags: 0
  m_Script: {fileID: 11500000, guid: cce0fe4feb9d8074d8412ca5c52fdc70, type: 3}
  m_Name: 
  m_EditorClassIdentifier: 
--- !u!114 &392547563243792451
MonoBehaviour:
  m_ObjectHideFlags: 0
  m_CorrespondingSourceObject: {fileID: 0}
  m_PrefabInstance: {fileID: 0}
  m_PrefabAsset: {fileID: 0}
  m_GameObject: {fileID: 392547563243792511}
  m_Enabled: 1
  m_EditorHideFlags: 0
  m_Script: {fileID: 11500000, guid: f0ac541a6b57b5e4abc44ba805585a0b, type: 3}
  m_Name: 
  m_EditorClassIdentifier: 
  jumpStrength: 0.4
--- !u!114 &392547563243792448
MonoBehaviour:
  m_ObjectHideFlags: 0
  m_CorrespondingSourceObject: {fileID: 0}
  m_PrefabInstance: {fileID: 0}
  m_PrefabAsset: {fileID: 0}
  m_GameObject: {fileID: 392547563243792511}
  m_Enabled: 1
  m_EditorHideFlags: 0
  m_Script: {fileID: 11500000, guid: 61052484e7de1de48ab2bb7c131add10, type: 3}
  m_Name: 
  m_EditorClassIdentifier: 
  movementSpeed: 15
--- !u!114 &392547563243792463
MonoBehaviour:
  m_ObjectHideFlags: 0
  m_CorrespondingSourceObject: {fileID: 0}
  m_PrefabInstance: {fileID: 0}
  m_PrefabAsset: {fileID: 0}
  m_GameObject: {fileID: 392547563243792511}
  m_Enabled: 1
  m_EditorHideFlags: 0
  m_Script: {fileID: 11500000, guid: 2128515a027c1d64486b826264039252, type: 3}
  m_Name: 
  m_EditorClassIdentifier: 
  trackRecordRate: 2
--- !u!114 &392547563243792510
MonoBehaviour:
  m_ObjectHideFlags: 0
  m_CorrespondingSourceObject: {fileID: 0}
  m_PrefabInstance: {fileID: 0}
  m_PrefabAsset: {fileID: 0}
  m_GameObject: {fileID: 392547563243792511}
  m_Enabled: 1
  m_EditorHideFlags: 0
  m_Script: {fileID: 11500000, guid: 72c677e7458f4c2409272bbbf6e288b1, type: 3}
  m_Name: 
  m_EditorClassIdentifier: 
  dropShadow_enabled: 1
  dropShadow_radius: 0.4
  maxHealth: 3
  waitToReloadAfterDeathTime: 1.5
  collectedCoinIDs: 
  allCollectedIDs: 
--- !u!114 &392547563243792461
MonoBehaviour:
  m_ObjectHideFlags: 0
  m_CorrespondingSourceObject: {fileID: 0}
  m_PrefabInstance: {fileID: 0}
  m_PrefabAsset: {fileID: 0}
  m_GameObject: {fileID: 392547563243792511}
  m_Enabled: 1
  m_EditorHideFlags: 0
  m_Script: {fileID: 11500000, guid: 2726cf0f52f66894496a80a5b7c55e2f, type: 3}
  m_Name: 
  m_EditorClassIdentifier: 
  relativeCamLookPoint: {x: 0, y: 0.32, z: 0}
  relativeCamSpawn: {x: 0, y: 2.93, z: -6}
  lockOnPos: {x: 0.81, y: 0.74, z: -3.53}
  lockOnVisibilityRay: {fileID: 6198317685083893410}
--- !u!114 &392547563243792449
MonoBehaviour:
  m_ObjectHideFlags: 0
  m_CorrespondingSourceObject: {fileID: 0}
  m_PrefabInstance: {fileID: 0}
  m_PrefabAsset: {fileID: 0}
  m_GameObject: {fileID: 392547563243792511}
  m_Enabled: 1
  m_EditorHideFlags: 0
  m_Script: {fileID: 11500000, guid: aff1f906ab67ce64e819c0967b373272, type: 3}
  m_Name: 
  m_EditorClassIdentifier: 
  mdl_heightOffset: 1.06
  mdl_allRenderers: []
--- !u!114 &392547563243792459
MonoBehaviour:
  m_ObjectHideFlags: 0
  m_CorrespondingSourceObject: {fileID: 0}
  m_PrefabInstance: {fileID: 0}
  m_PrefabAsset: {fileID: 0}
  m_GameObject: {fileID: 392547563243792511}
  m_Enabled: 1
  m_EditorHideFlags: 0
  m_Script: {fileID: 11500000, guid: 945ff5882f9653d4f8858235d63b49bf, type: 3}
  m_Name: 
  m_EditorClassIdentifier: 
  weaponEnum: 0
  dashDuration: 0.1
  dashSpeed: 60
  dashDecideDuration: 1
  dashTrail_spawnRate: 0.05
--- !u!114 &392547563243792458
MonoBehaviour:
  m_ObjectHideFlags: 0
  m_CorrespondingSourceObject: {fileID: 0}
  m_PrefabInstance: {fileID: 0}
  m_PrefabAsset: {fileID: 0}
  m_GameObject: {fileID: 392547563243792511}
  m_Enabled: 1
  m_EditorHideFlags: 0
  m_Script: {fileID: 11500000, guid: 24b91097ff43ce44684f474766a331a8, type: 3}
  m_Name: 
  m_EditorClassIdentifier: 
  stunTime: 0.5
  invincibleTime: 1
--- !u!114 &392547563243792464
MonoBehaviour:
  m_ObjectHideFlags: 0
  m_CorrespondingSourceObject: {fileID: 0}
  m_PrefabInstance: {fileID: 0}
  m_PrefabAsset: {fileID: 0}
  m_GameObject: {fileID: 392547563243792511}
  m_Enabled: 1
  m_EditorHideFlags: 0
  m_Script: {fileID: 11500000, guid: 196f2a158f8dcb94b849ba88139438fa, type: 3}
  m_Name: 
  m_EditorClassIdentifier: 
  weaponEnum: 3
  timeBetweenShots: 0.1
--- !u!114 &392547563243792465
MonoBehaviour:
  m_ObjectHideFlags: 0
  m_CorrespondingSourceObject: {fileID: 0}
  m_PrefabInstance: {fileID: 0}
  m_PrefabAsset: {fileID: 0}
  m_GameObject: {fileID: 392547563243792511}
  m_Enabled: 1
  m_EditorHideFlags: 0
  m_Script: {fileID: 11500000, guid: 969b491d480f54143bff9eec90de4b29, type: 3}
  m_Name: 
  m_EditorClassIdentifier: 
  weaponEnum: 1
--- !u!114 &392547563243792462
MonoBehaviour:
  m_ObjectHideFlags: 0
  m_CorrespondingSourceObject: {fileID: 0}
  m_PrefabInstance: {fileID: 0}
  m_PrefabAsset: {fileID: 0}
  m_GameObject: {fileID: 392547563243792511}
  m_Enabled: 1
  m_EditorHideFlags: 0
  m_Script: {fileID: 11500000, guid: 11cc38b64d81f3440bdd0de391124574, type: 3}
  m_Name: 
  m_EditorClassIdentifier: 
  weaponEnum: 2
--- !u!114 &392547563243792460
MonoBehaviour:
  m_ObjectHideFlags: 0
  m_CorrespondingSourceObject: {fileID: 0}
  m_PrefabInstance: {fileID: 0}
  m_PrefabAsset: {fileID: 0}
  m_GameObject: {fileID: 392547563243792511}
  m_Enabled: 1
  m_EditorHideFlags: 0
  m_Script: {fileID: 11500000, guid: e8d98bc77d948704fa7cf60b11aa13d8, type: 3}
  m_Name: 
  m_EditorClassIdentifier: 
  weaponEnum: 4
  lobAimSrc: {fileID: 1818106818874051900}
  minLobAngle: 20
  maxLobAngle: 80
  minLobPower: 5
  maxLobPower: 80
  lobPower_riseRate: 40
  minimumReloadTime: 15
  lobLineLOD: 24
  percentOfLobLineToShow: 30
  lobAim_pitchRange: {x: 1.5, y: 2.5}
--- !u!82 &7368940980771328523
AudioSource:
  m_ObjectHideFlags: 0
  m_CorrespondingSourceObject: {fileID: 0}
  m_PrefabInstance: {fileID: 0}
  m_PrefabAsset: {fileID: 0}
  m_GameObject: {fileID: 392547563243792511}
  m_Enabled: 1
  serializedVersion: 4
  OutputAudioMixerGroup: {fileID: 0}
  m_audioClip: {fileID: 8300000, guid: 8ffd20ea6380ff04c989a15d306f4cc6, type: 3}
  m_PlayOnAwake: 0
  m_Volume: 0.4
  m_Pitch: 1
  Loop: 0
  Mute: 0
  Spatialize: 0
  SpatializePostEffects: 0
  Priority: 128
  DopplerLevel: 0
  MinDistance: 1
  MaxDistance: 500
  Pan2D: 0
  rolloffMode: 0
  BypassEffects: 0
  BypassListenerEffects: 0
  BypassReverbZones: 0
  rolloffCustomCurve:
    serializedVersion: 2
    m_Curve:
    - serializedVersion: 3
      time: 0
      value: 1
      inSlope: 0
      outSlope: 0
      tangentMode: 0
      weightedMode: 0
      inWeight: 0.33333334
      outWeight: 0.33333334
    - serializedVersion: 3
      time: 1
      value: 0
      inSlope: 0
      outSlope: 0
      tangentMode: 0
      weightedMode: 0
      inWeight: 0.33333334
      outWeight: 0.33333334
    m_PreInfinity: 2
    m_PostInfinity: 2
    m_RotationOrder: 4
  panLevelCustomCurve:
    serializedVersion: 2
    m_Curve:
    - serializedVersion: 3
      time: 0
      value: 0
      inSlope: 0
      outSlope: 0
      tangentMode: 0
      weightedMode: 0
      inWeight: 0.33333334
      outWeight: 0.33333334
    m_PreInfinity: 2
    m_PostInfinity: 2
    m_RotationOrder: 4
  spreadCustomCurve:
    serializedVersion: 2
    m_Curve:
    - serializedVersion: 3
      time: 0
      value: 0
      inSlope: 0
      outSlope: 0
      tangentMode: 0
      weightedMode: 0
      inWeight: 0.33333334
      outWeight: 0.33333334
    m_PreInfinity: 2
    m_PostInfinity: 2
    m_RotationOrder: 4
  reverbZoneMixCustomCurve:
    serializedVersion: 2
    m_Curve:
    - serializedVersion: 3
      time: 0
      value: 0
      inSlope: 0
      outSlope: 0
      tangentMode: 0
      weightedMode: 0
      inWeight: 0.33333334
      outWeight: 0.33333334
    m_PreInfinity: 2
    m_PostInfinity: 2
    m_RotationOrder: 4
--- !u!1 &392547563955863625
GameObject:
  m_ObjectHideFlags: 0
  m_CorrespondingSourceObject: {fileID: 0}
  m_PrefabInstance: {fileID: 0}
  m_PrefabAsset: {fileID: 0}
  serializedVersion: 6
  m_Component:
  - component: {fileID: 392547563955863624}
  - component: {fileID: 5001735854092139970}
  m_Layer: 10
  m_Name: groundRay_BR
  m_TagString: Untagged
  m_Icon: {fileID: 0}
  m_NavMeshLayer: 0
  m_StaticEditorFlags: 0
  m_IsActive: 1
--- !u!4 &392547563955863624
Transform:
  m_ObjectHideFlags: 0
  m_CorrespondingSourceObject: {fileID: 0}
  m_PrefabInstance: {fileID: 0}
  m_PrefabAsset: {fileID: 0}
  m_GameObject: {fileID: 392547563955863625}
  m_LocalRotation: {x: -0, y: -0, z: -0, w: 1}
  m_LocalPosition: {x: 0.3, y: 0, z: -0.3}
  m_LocalScale: {x: 1, y: 1, z: 1}
  m_Children: []
  m_Father: {fileID: 392547561947275665}
  m_RootOrder: 4
  m_LocalEulerAnglesHint: {x: 0, y: 0, z: 0}
--- !u!114 &5001735854092139970
MonoBehaviour:
  m_ObjectHideFlags: 0
  m_CorrespondingSourceObject: {fileID: 0}
  m_PrefabInstance: {fileID: 0}
  m_PrefabAsset: {fileID: 0}
  m_GameObject: {fileID: 392547563955863625}
  m_Enabled: 1
  m_EditorHideFlags: 0
  m_Script: {fileID: 11500000, guid: 0e058fad866723148aa43d082c7267a5, type: 3}
  m_Name: 
  m_EditorClassIdentifier: 
  updateType_enum: 0
  direction: 1
  rayLength: 1.3
  raycastAll: 0
  detectTriggers: 0
  ray_layers:
    serializedVersion: 2
    m_Bits: 512
  ray_surface: {fileID: 0}
  ray_hitPoint: {x: 0, y: 0, z: 0}
  customDir_vec: {x: 0, y: 0, z: 0}
  rayCol: {r: 0, g: 1, b: 0.04619026, a: 1}
--- !u!1 &1289174861676970433
GameObject:
  m_ObjectHideFlags: 0
  m_CorrespondingSourceObject: {fileID: 0}
  m_PrefabInstance: {fileID: 0}
  m_PrefabAsset: {fileID: 0}
  serializedVersion: 6
  m_Component:
  - component: {fileID: 6218654725983654138}
  - component: {fileID: 3663564626620090252}
  m_Layer: 10
  m_Name: ceilingRay
  m_TagString: Untagged
  m_Icon: {fileID: 0}
  m_NavMeshLayer: 0
  m_StaticEditorFlags: 0
  m_IsActive: 1
--- !u!4 &6218654725983654138
Transform:
  m_ObjectHideFlags: 0
  m_CorrespondingSourceObject: {fileID: 0}
  m_PrefabInstance: {fileID: 0}
  m_PrefabAsset: {fileID: 0}
  m_GameObject: {fileID: 1289174861676970433}
  m_LocalRotation: {x: 0, y: 0, z: 0, w: 1}
  m_LocalPosition: {x: 0, y: 0, z: 0}
  m_LocalScale: {x: 1, y: 1, z: 1}
  m_Children: []
  m_Father: {fileID: 392547563243792456}
  m_RootOrder: 3
  m_LocalEulerAnglesHint: {x: 0, y: 0, z: 0}
--- !u!114 &3663564626620090252
MonoBehaviour:
  m_ObjectHideFlags: 0
  m_CorrespondingSourceObject: {fileID: 0}
  m_PrefabInstance: {fileID: 0}
  m_PrefabAsset: {fileID: 0}
  m_GameObject: {fileID: 1289174861676970433}
  m_Enabled: 1
  m_EditorHideFlags: 0
  m_Script: {fileID: 11500000, guid: 0e058fad866723148aa43d082c7267a5, type: 3}
  m_Name: 
  m_EditorClassIdentifier: 
  updateType_enum: 2
  direction: 6
  rayLength: 1
  raycastAll: 0
  detectTriggers: 0
  ray_layers:
    serializedVersion: 2
    m_Bits: 512
  ray_surface: {fileID: 0}
  ray_hitPoint: {x: 0, y: 0, z: 0}
  customDir_vec: {x: 0, y: 0, z: 0}
  rayCol: {r: 1, g: 0.8587423, b: 0, a: 1}
--- !u!1 &3691891760340165190
GameObject:
  m_ObjectHideFlags: 0
  m_CorrespondingSourceObject: {fileID: 0}
  m_PrefabInstance: {fileID: 0}
  m_PrefabAsset: {fileID: 0}
  serializedVersion: 6
  m_Component:
  - component: {fileID: 4918157233282150868}
  - component: {fileID: 6198317685083893410}
  m_Layer: 10
  m_Name: lockOnVisibilityRay
  m_TagString: Untagged
  m_Icon: {fileID: 0}
  m_NavMeshLayer: 0
  m_StaticEditorFlags: 0
  m_IsActive: 1
--- !u!4 &4918157233282150868
Transform:
  m_ObjectHideFlags: 0
  m_CorrespondingSourceObject: {fileID: 0}
  m_PrefabInstance: {fileID: 0}
  m_PrefabAsset: {fileID: 0}
  m_GameObject: {fileID: 3691891760340165190}
  m_LocalRotation: {x: 0, y: 0, z: 0, w: 1}
  m_LocalPosition: {x: 0, y: 0, z: 0}
  m_LocalScale: {x: 1, y: 1, z: 1}
  m_Children: []
  m_Father: {fileID: 392547563243792456}
  m_RootOrder: 1
  m_LocalEulerAnglesHint: {x: 0, y: 0, z: 0}
--- !u!114 &6198317685083893410
MonoBehaviour:
  m_ObjectHideFlags: 0
  m_CorrespondingSourceObject: {fileID: 0}
  m_PrefabInstance: {fileID: 0}
  m_PrefabAsset: {fileID: 0}
  m_GameObject: {fileID: 3691891760340165190}
  m_Enabled: 1
  m_EditorHideFlags: 0
  m_Script: {fileID: 11500000, guid: 0e058fad866723148aa43d082c7267a5, type: 3}
  m_Name: 
  m_EditorClassIdentifier: 
  updateType_enum: 0
  direction: 12
  rayLength: 0
  raycastAll: 0
  detectTriggers: 0
  ray_layers:
    serializedVersion: 2
    m_Bits: 512
  ray_surface: {fileID: 0}
  ray_hitPoint: {x: 0, y: 0, z: 0}
  customDir_vec: {x: 0, y: 0, z: 0}
  rayCol: {r: 1, g: 0.74655265, b: 0, a: 1}
--- !u!1 &4114984854707079268
GameObject:
  m_ObjectHideFlags: 0
  m_CorrespondingSourceObject: {fileID: 0}
  m_PrefabInstance: {fileID: 0}
  m_PrefabAsset: {fileID: 0}
  serializedVersion: 6
  m_Component:
  - component: {fileID: 2627837894600819169}
  - component: {fileID: 1818106818874051900}
  m_Layer: 10
  m_Name: snd_lobAim
  m_TagString: Untagged
  m_Icon: {fileID: 0}
  m_NavMeshLayer: 0
  m_StaticEditorFlags: 0
  m_IsActive: 1
--- !u!4 &2627837894600819169
Transform:
  m_ObjectHideFlags: 0
  m_CorrespondingSourceObject: {fileID: 0}
  m_PrefabInstance: {fileID: 0}
  m_PrefabAsset: {fileID: 0}
  m_GameObject: {fileID: 4114984854707079268}
  m_LocalRotation: {x: 0, y: 0, z: 0, w: 1}
  m_LocalPosition: {x: 0, y: 0, z: 0}
  m_LocalScale: {x: 1, y: 1, z: 1}
  m_Children: []
  m_Father: {fileID: 392547563243792456}
  m_RootOrder: 2
  m_LocalEulerAnglesHint: {x: 0, y: 0, z: 0}
--- !u!82 &1818106818874051900
AudioSource:
  m_ObjectHideFlags: 0
  m_CorrespondingSourceObject: {fileID: 0}
  m_PrefabInstance: {fileID: 0}
  m_PrefabAsset: {fileID: 0}
  m_GameObject: {fileID: 4114984854707079268}
  m_Enabled: 1
  serializedVersion: 4
  OutputAudioMixerGroup: {fileID: 0}
  m_audioClip: {fileID: 8300000, guid: 698a7a94d9eeb184d94a6c843b457e6e, type: 3}
  m_PlayOnAwake: 0
  m_Volume: 0.3
  m_Pitch: 1
  Loop: 1
  Mute: 0
  Spatialize: 0
  SpatializePostEffects: 0
  Priority: 128
  DopplerLevel: 0
  MinDistance: 1
  MaxDistance: 500
  Pan2D: 0
  rolloffMode: 0
  BypassEffects: 0
  BypassListenerEffects: 0
  BypassReverbZones: 0
  rolloffCustomCurve:
    serializedVersion: 2
    m_Curve:
    - serializedVersion: 3
      time: 0
      value: 1
      inSlope: 0
      outSlope: 0
      tangentMode: 0
      weightedMode: 0
      inWeight: 0.33333334
      outWeight: 0.33333334
    - serializedVersion: 3
      time: 1
      value: 0
      inSlope: 0
      outSlope: 0
      tangentMode: 0
      weightedMode: 0
      inWeight: 0.33333334
      outWeight: 0.33333334
    m_PreInfinity: 2
    m_PostInfinity: 2
    m_RotationOrder: 4
  panLevelCustomCurve:
    serializedVersion: 2
    m_Curve:
    - serializedVersion: 3
      time: 0
      value: 0
      inSlope: 0
      outSlope: 0
      tangentMode: 0
      weightedMode: 0
      inWeight: 0.33333334
      outWeight: 0.33333334
    m_PreInfinity: 2
    m_PostInfinity: 2
    m_RotationOrder: 4
  spreadCustomCurve:
    serializedVersion: 2
    m_Curve:
    - serializedVersion: 3
      time: 0
      value: 0
      inSlope: 0
      outSlope: 0
      tangentMode: 0
      weightedMode: 0
      inWeight: 0.33333334
      outWeight: 0.33333334
    m_PreInfinity: 2
    m_PostInfinity: 2
    m_RotationOrder: 4
  reverbZoneMixCustomCurve:
    serializedVersion: 2
    m_Curve:
    - serializedVersion: 3
      time: 0
      value: 0
      inSlope: 0
      outSlope: 0
      tangentMode: 0
      weightedMode: 0
      inWeight: 0.33333334
      outWeight: 0.33333334
    m_PreInfinity: 2
    m_PostInfinity: 2
    m_RotationOrder: 4
--- !u!1 &4815658894413256762
GameObject:
  m_ObjectHideFlags: 0
  m_CorrespondingSourceObject: {fileID: 0}
  m_PrefabInstance: {fileID: 0}
  m_PrefabAsset: {fileID: 0}
  serializedVersion: 6
  m_Component:
  - component: {fileID: 3977117471200525783}
  - component: {fileID: 5987840966398391795}
  m_Layer: 10
  m_Name: bouncePadRay
  m_TagString: player_bouncePadRay
  m_Icon: {fileID: 0}
  m_NavMeshLayer: 0
  m_StaticEditorFlags: 0
  m_IsActive: 1
--- !u!4 &3977117471200525783
Transform:
  m_ObjectHideFlags: 0
  m_CorrespondingSourceObject: {fileID: 0}
  m_PrefabInstance: {fileID: 0}
  m_PrefabAsset: {fileID: 0}
  m_GameObject: {fileID: 4815658894413256762}
  m_LocalRotation: {x: 0, y: 0, z: 0, w: 1}
  m_LocalPosition: {x: 0, y: 0, z: 0}
  m_LocalScale: {x: 1, y: 1, z: 1}
  m_Children: []
  m_Father: {fileID: 392547563243792456}
  m_RootOrder: 5
  m_LocalEulerAnglesHint: {x: 0, y: 0, z: 0}
--- !u!114 &5987840966398391795
MonoBehaviour:
  m_ObjectHideFlags: 0
  m_CorrespondingSourceObject: {fileID: 0}
  m_PrefabInstance: {fileID: 0}
  m_PrefabAsset: {fileID: 0}
  m_GameObject: {fileID: 4815658894413256762}
  m_Enabled: 1
  m_EditorHideFlags: 0
  m_Script: {fileID: 11500000, guid: 0e058fad866723148aa43d082c7267a5, type: 3}
  m_Name: 
  m_EditorClassIdentifier: 
  updateType_enum: 2
  direction: 1
  rayLength: 1.82
  raycastAll: 0
  detectTriggers: 0
  ray_layers:
    serializedVersion: 2
    m_Bits: 512
  ray_surface: {fileID: 0}
  ray_hitPoint: {x: 0, y: 0, z: 0}
  customDir_vec: {x: 0, y: 0, z: 0}
  rayCol: {r: 1, g: 0.8587423, b: 0, a: 1}
