%YAML 1.1
%TAG !u! tag:unity3d.com,2011:
--- !u!1 &1827019710828064019
GameObject:
  m_ObjectHideFlags: 0
  m_CorrespondingSourceObject: {fileID: 0}
  m_PrefabInstance: {fileID: 0}
  m_PrefabAsset: {fileID: 0}
  serializedVersion: 6
  m_Component:
  - component: {fileID: 1827019710828064023}
  - component: {fileID: 1827019710828064016}
  - component: {fileID: 1827019710828064017}
  - component: {fileID: 1827019710828064018}
  - component: {fileID: 1827019710828064022}
  m_Layer: 5
  m_Name: sceneSwitcher
  m_TagString: Untagged
  m_Icon: {fileID: 0}
  m_NavMeshLayer: 0
  m_StaticEditorFlags: 0
  m_IsActive: 1
--- !u!224 &1827019710828064023
RectTransform:
  m_ObjectHideFlags: 0
  m_CorrespondingSourceObject: {fileID: 0}
  m_PrefabInstance: {fileID: 0}
  m_PrefabAsset: {fileID: 0}
  m_GameObject: {fileID: 1827019710828064019}
  m_LocalRotation: {x: 0, y: 0, z: 0, w: 1}
  m_LocalPosition: {x: 0, y: 0, z: 0}
  m_LocalScale: {x: 0, y: 0, z: 0}
  m_Children:
  - {fileID: 1827019711662434929}
  - {fileID: 1827019711374684550}
  m_Father: {fileID: 0}
  m_RootOrder: 0
  m_LocalEulerAnglesHint: {x: 0, y: 0, z: 0}
  m_AnchorMin: {x: 0, y: 0}
  m_AnchorMax: {x: 0, y: 0}
  m_AnchoredPosition: {x: 0, y: 0}
  m_SizeDelta: {x: 0, y: 0}
  m_Pivot: {x: 0, y: 0}
--- !u!223 &1827019710828064016
Canvas:
  m_ObjectHideFlags: 0
  m_CorrespondingSourceObject: {fileID: 0}
  m_PrefabInstance: {fileID: 0}
  m_PrefabAsset: {fileID: 0}
  m_GameObject: {fileID: 1827019710828064019}
  m_Enabled: 1
  serializedVersion: 3
  m_RenderMode: 0
  m_Camera: {fileID: 0}
  m_PlaneDistance: 100
  m_PixelPerfect: 0
  m_ReceivesEvents: 1
  m_OverrideSorting: 0
  m_OverridePixelPerfect: 0
  m_SortingBucketNormalizedSize: 0
  m_AdditionalShaderChannelsFlag: 0
  m_SortingLayerID: 0
  m_SortingOrder: 0
  m_TargetDisplay: 0
--- !u!114 &1827019710828064017
MonoBehaviour:
  m_ObjectHideFlags: 0
  m_CorrespondingSourceObject: {fileID: 0}
  m_PrefabInstance: {fileID: 0}
  m_PrefabAsset: {fileID: 0}
  m_GameObject: {fileID: 1827019710828064019}
  m_Enabled: 1
  m_EditorHideFlags: 0
  m_Script: {fileID: 11500000, guid: 0cd44c1031e13a943bb63640046fad76, type: 3}
  m_Name: 
  m_EditorClassIdentifier: 
  m_UiScaleMode: 1
  m_ReferencePixelsPerUnit: 100
  m_ScaleFactor: 1
  m_ReferenceResolution: {x: 800, y: 600}
  m_ScreenMatchMode: 0
  m_MatchWidthOrHeight: 0.5
  m_PhysicalUnit: 3
  m_FallbackScreenDPI: 96
  m_DefaultSpriteDPI: 96
  m_DynamicPixelsPerUnit: 1
--- !u!114 &1827019710828064018
MonoBehaviour:
  m_ObjectHideFlags: 0
  m_CorrespondingSourceObject: {fileID: 0}
  m_PrefabInstance: {fileID: 0}
  m_PrefabAsset: {fileID: 0}
  m_GameObject: {fileID: 1827019710828064019}
  m_Enabled: 1
  m_EditorHideFlags: 0
  m_Script: {fileID: 11500000, guid: dc42784cf147c0c48a680349fa168899, type: 3}
  m_Name: 
  m_EditorClassIdentifier: 
  m_IgnoreReversedGraphics: 1
  m_BlockingObjects: 0
  m_BlockingMask:
    serializedVersion: 2
    m_Bits: 4294967295
--- !u!114 &1827019710828064022
MonoBehaviour:
  m_ObjectHideFlags: 0
  m_CorrespondingSourceObject: {fileID: 0}
  m_PrefabInstance: {fileID: 0}
  m_PrefabAsset: {fileID: 0}
  m_GameObject: {fileID: 1827019710828064019}
  m_Enabled: 1
  m_EditorHideFlags: 0
  m_Script: {fileID: 11500000, guid: 2a3663e3242650f40bab8a1dc6dd9985, type: 3}
  m_Name: 
  m_EditorClassIdentifier: 
  uiAnim_sceneTransitionIn: {fileID: 1827019711374684545}
  uiAnim_sceneTransitionOut: {fileID: 1827019711662434928}
--- !u!1 &1827019711374684546
GameObject:
  m_ObjectHideFlags: 0
  m_CorrespondingSourceObject: {fileID: 0}
  m_PrefabInstance: {fileID: 0}
  m_PrefabAsset: {fileID: 0}
  serializedVersion: 6
  m_Component:
  - component: {fileID: 1827019711374684550}
  - component: {fileID: 1827019711374684551}
  - component: {fileID: 1827019711374684544}
  - component: {fileID: 1827019711374684545}
  m_Layer: 5
  m_Name: img_sceneTransitionIn
  m_TagString: Untagged
  m_Icon: {fileID: 0}
  m_NavMeshLayer: 0
  m_StaticEditorFlags: 0
  m_IsActive: 1
--- !u!224 &1827019711374684550
RectTransform:
  m_ObjectHideFlags: 0
  m_CorrespondingSourceObject: {fileID: 0}
  m_PrefabInstance: {fileID: 0}
  m_PrefabAsset: {fileID: 0}
  m_GameObject: {fileID: 1827019711374684546}
  m_LocalRotation: {x: 0, y: 0, z: 0, w: 1}
  m_LocalPosition: {x: 0, y: 0, z: 0}
  m_LocalScale: {x: 1, y: 1, z: 1}
  m_Children: []
  m_Father: {fileID: 1827019710828064023}
  m_RootOrder: 1
  m_LocalEulerAnglesHint: {x: 0, y: 0, z: 0}
  m_AnchorMin: {x: 0, y: 0}
  m_AnchorMax: {x: 1, y: 1}
  m_AnchoredPosition: {x: 0, y: 0}
  m_SizeDelta: {x: 0, y: 0}
  m_Pivot: {x: 0.5, y: 0.5}
--- !u!222 &1827019711374684551
CanvasRenderer:
  m_ObjectHideFlags: 0
  m_CorrespondingSourceObject: {fileID: 0}
  m_PrefabInstance: {fileID: 0}
  m_PrefabAsset: {fileID: 0}
  m_GameObject: {fileID: 1827019711374684546}
  m_CullTransparentMesh: 0
--- !u!114 &1827019711374684544
MonoBehaviour:
  m_ObjectHideFlags: 0
  m_CorrespondingSourceObject: {fileID: 0}
  m_PrefabInstance: {fileID: 0}
  m_PrefabAsset: {fileID: 0}
  m_GameObject: {fileID: 1827019711374684546}
  m_Enabled: 0
  m_EditorHideFlags: 0
  m_Script: {fileID: 11500000, guid: fe87c0e1cc204ed48ad3b37840f39efc, type: 3}
  m_Name: 
  m_EditorClassIdentifier: 
  m_Material: {fileID: 0}
  m_Color: {r: 1, g: 1, b: 1, a: 1}
  m_RaycastTarget: 1
  m_RaycastPadding: {x: 0, y: 0, z: 0, w: 0}
  m_Maskable: 1
  m_OnCullStateChanged:
    m_PersistentCalls:
      m_Calls: []
  m_Sprite: {fileID: 0}
  m_Type: 0
  m_PreserveAspect: 0
  m_FillCenter: 1
  m_FillMethod: 4
  m_FillAmount: 1
  m_FillClockwise: 1
  m_FillOrigin: 0
  m_UseSpriteMesh: 0
  m_PixelsPerUnitMultiplier: 0.4
--- !u!114 &1827019711374684545
MonoBehaviour:
  m_ObjectHideFlags: 0
  m_CorrespondingSourceObject: {fileID: 0}
  m_PrefabInstance: {fileID: 0}
  m_PrefabAsset: {fileID: 0}
  m_GameObject: {fileID: 1827019711374684546}
  m_Enabled: 1
  m_EditorHideFlags: 0
  m_Script: {fileID: 11500000, guid: 4213d912451d4a54d93843c26c5a2ed4, type: 3}
  m_Name: 
  m_EditorClassIdentifier: 
  animFrames:
  - {fileID: 21300000, guid: 3f2f8861e0212be4194af57ac8dea1b6, type: 3}
  - {fileID: 21300000, guid: 6d42601a2c2036548b423bfc3ec6a437, type: 3}
  - {fileID: 21300000, guid: 5844671c99505f84499a05d58f4dd6e2, type: 3}
  - {fileID: 21300000, guid: 1bc8ca0afde3c0a4e8f95c33b523ee93, type: 3}
  - {fileID: 21300000, guid: 3e03fcfcf09117446b6238a70163e789, type: 3}
  - {fileID: 21300000, guid: ccbd4365bfa258244b49518bf9a119b5, type: 3}
  - {fileID: 21300000, guid: cdd04ecf96389ab41a579ef32ece53d0, type: 3}
  - {fileID: 21300000, guid: 84d10589514f8614dbbb3685f8fb3819, type: 3}
  - {fileID: 21300000, guid: 104824da056f5664eabe5fbdd4f6526f, type: 3}
  - {fileID: 21300000, guid: a32a8bed450e6f34db5f03a395e39192, type: 3}
  - {fileID: 21300000, guid: 6651edb34dc7ba94b9d167dec827b5ac, type: 3}
  - {fileID: 21300000, guid: 0361f9fd6b70b5541ad0e7cfadc52c0b, type: 3}
  - {fileID: 21300000, guid: 66dea427d5f0f9e408a1f9cfdbc65b71, type: 3}
  - {fileID: 21300000, guid: 2cd1d703e8ee6f04181132618ca3a517, type: 3}
  - {fileID: 21300000, guid: 347f42925e4f83c4487f25249396c94e, type: 3}
  - {fileID: 21300000, guid: d0bf4669c0e0fcc4eb9a3b3e4e170f97, type: 3}
  playbackRate: 30
  animActionEnum: 0
  endOfAnimAction_loadScene_name: SampleScene
--- !u!1 &1827019711662434930
GameObject:
  m_ObjectHideFlags: 0
  m_CorrespondingSourceObject: {fileID: 0}
  m_PrefabInstance: {fileID: 0}
  m_PrefabAsset: {fileID: 0}
  serializedVersion: 6
  m_Component:
  - component: {fileID: 1827019711662434929}
  - component: {fileID: 1827019711662434934}
  - component: {fileID: 1827019711662434935}
  - component: {fileID: 1827019711662434928}
  m_Layer: 5
  m_Name: img_sceneTransitionOut
  m_TagString: Untagged
  m_Icon: {fileID: 0}
  m_NavMeshLayer: 0
  m_StaticEditorFlags: 0
  m_IsActive: 1
--- !u!224 &1827019711662434929
RectTransform:
  m_ObjectHideFlags: 0
  m_CorrespondingSourceObject: {fileID: 0}
  m_PrefabInstance: {fileID: 0}
  m_PrefabAsset: {fileID: 0}
  m_GameObject: {fileID: 1827019711662434930}
  m_LocalRotation: {x: 0, y: 0, z: 0, w: 1}
  m_LocalPosition: {x: 0, y: 0, z: 0}
  m_LocalScale: {x: 1, y: 1, z: 1}
  m_Children: []
  m_Father: {fileID: 1827019710828064023}
  m_RootOrder: 0
  m_LocalEulerAnglesHint: {x: 0, y: 0, z: 0}
  m_AnchorMin: {x: 0, y: 0}
  m_AnchorMax: {x: 1, y: 1}
  m_AnchoredPosition: {x: 0, y: 0}
  m_SizeDelta: {x: 0, y: 0}
  m_Pivot: {x: 0.5, y: 0.5}
--- !u!222 &1827019711662434934
CanvasRenderer:
  m_ObjectHideFlags: 0
  m_CorrespondingSourceObject: {fileID: 0}
  m_PrefabInstance: {fileID: 0}
  m_PrefabAsset: {fileID: 0}
  m_GameObject: {fileID: 1827019711662434930}
  m_CullTransparentMesh: 0
--- !u!114 &1827019711662434935
MonoBehaviour:
  m_ObjectHideFlags: 0
  m_CorrespondingSourceObject: {fileID: 0}
  m_PrefabInstance: {fileID: 0}
  m_PrefabAsset: {fileID: 0}
  m_GameObject: {fileID: 1827019711662434930}
  m_Enabled: 0
  m_EditorHideFlags: 0
  m_Script: {fileID: 11500000, guid: fe87c0e1cc204ed48ad3b37840f39efc, type: 3}
  m_Name: 
  m_EditorClassIdentifier: 
  m_Material: {fileID: 0}
  m_Color: {r: 1, g: 1, b: 1, a: 1}
  m_RaycastTarget: 1
  m_RaycastPadding: {x: 0, y: 0, z: 0, w: 0}
  m_Maskable: 1
  m_OnCullStateChanged:
    m_PersistentCalls:
      m_Calls: []
  m_Sprite: {fileID: 0}
  m_Type: 0
  m_PreserveAspect: 0
  m_FillCenter: 1
  m_FillMethod: 4
  m_FillAmount: 1
  m_FillClockwise: 1
  m_FillOrigin: 0
  m_UseSpriteMesh: 0
  m_PixelsPerUnitMultiplier: 0.4
--- !u!114 &1827019711662434928
MonoBehaviour:
  m_ObjectHideFlags: 0
  m_CorrespondingSourceObject: {fileID: 0}
  m_PrefabInstance: {fileID: 0}
  m_PrefabAsset: {fileID: 0}
  m_GameObject: {fileID: 1827019711662434930}
  m_Enabled: 1
  m_EditorHideFlags: 0
  m_Script: {fileID: 11500000, guid: 4213d912451d4a54d93843c26c5a2ed4, type: 3}
  m_Name: 
  m_EditorClassIdentifier: 
  animFrames:
  - {fileID: 21300000, guid: d0bf4669c0e0fcc4eb9a3b3e4e170f97, type: 3}
  - {fileID: 21300000, guid: 347f42925e4f83c4487f25249396c94e, type: 3}
  - {fileID: 21300000, guid: 2cd1d703e8ee6f04181132618ca3a517, type: 3}
  - {fileID: 21300000, guid: 66dea427d5f0f9e408a1f9cfdbc65b71, type: 3}
  - {fileID: 21300000, guid: 0361f9fd6b70b5541ad0e7cfadc52c0b, type: 3}
  - {fileID: 21300000, guid: 6651edb34dc7ba94b9d167dec827b5ac, type: 3}
  - {fileID: 21300000, guid: a32a8bed450e6f34db5f03a395e39192, type: 3}
  - {fileID: 21300000, guid: 104824da056f5664eabe5fbdd4f6526f, type: 3}
  - {fileID: 21300000, guid: 84d10589514f8614dbbb3685f8fb3819, type: 3}
  - {fileID: 21300000, guid: cdd04ecf96389ab41a579ef32ece53d0, type: 3}
  - {fileID: 21300000, guid: ccbd4365bfa258244b49518bf9a119b5, type: 3}
  - {fileID: 21300000, guid: 3e03fcfcf09117446b6238a70163e789, type: 3}
  - {fileID: 21300000, guid: 1bc8ca0afde3c0a4e8f95c33b523ee93, type: 3}
  - {fileID: 21300000, guid: 5844671c99505f84499a05d58f4dd6e2, type: 3}
  - {fileID: 21300000, guid: 6d42601a2c2036548b423bfc3ec6a437, type: 3}
  - {fileID: 21300000, guid: 3f2f8861e0212be4194af57ac8dea1b6, type: 3}
  playbackRate: 30
  animActionEnum: 1
  endOfAnimAction_loadScene_name: SampleScene
